/Users/mvanvleet/Documents/library.bib